@article{sklearn,
 title={Scikit-learn: Machine Learning in {P}ython},
 author={Pedregosa, F. and Varoquaux, G. and Gramfort, A. and Michel, V.
         and Thirion, B. and Grisel, O. and Blondel, M. and Prettenhofer, P.
         and Weiss, R. and Dubourg, V. and Vanderplas, J. and Passos, A. and
         Cournapeau, D. and Brucher, M. and Perrot, M. and Duchesnay, E.},
 journal={Journal of Machine Learning Research},
 volume={12},
 pages={2825--2830},
 year={2011}
}

@misc{keras,
  title={Keras},
  author={Chollet, Fran\c{c}ois and others},
  year={2015},
  howpublished={\url{https://keras.io}},
}

@article{adadelta,
  author    = {Matthew D. Zeiler},
  title     = {{ADADELTA:} An Adaptive Learning Rate Method},
  journal   = {CoRR},
  volume    = {abs/1212.5701},
  year      = {2012},
  url       = {http://arxiv.org/abs/1212.5701},
  archivePrefix = {arXiv},
  eprint    = {1212.5701},
  timestamp = {Wed, 07 Jun 2017 14:43:02 +0200},
  biburl    = {https://dblp.org/rec/bib/journals/corr/abs-1212-5701},
  bibsource = {dblp computer science bibliography, https://dblp.org}
}
